<?xml version="1.0" encoding="UTF-8"?><collection xmlns="http://www.loc.gov/MARC21/slim"><record><leader>00527nam--2200193-i-4500</leader><controlfield tag="001">000014681</controlfield><controlfield tag="002">20161230</controlfield><controlfield tag="005">20161230201030</controlfield><controlfield tag="008">060222s1000------------r-----000-0-eng-d</controlfield><datafield ind1=" " ind2=" " tag="040"><subfield code="a">IFIN-HH</subfield></datafield><datafield ind1=" " ind2=" " tag="080"><subfield code="a">538.114</subfield></datafield><datafield ind1="1" ind2=" " tag="100"><subfield code="a">Bozorth, Richard M</subfield></datafield><datafield ind1="1" ind2="0" tag="245"><subfield code="a">Ferromagnetism</subfield><subfield code="c">Richard m. bozorth</subfield></datafield><datafield ind1=" " ind2=" " tag="250"><subfield code="a">Third Printing</subfield></datafield><datafield ind1=" " ind2=" " tag="260"><subfield code="a">New York</subfield><subfield code="b">D.Van Nostrand Company, Inc</subfield><subfield code="c">1955</subfield></datafield><datafield ind1=" " ind2=" " tag="300"><subfield code="a">XIII + 968 P</subfield></datafield><datafield ind1=" " ind2=" " tag="490"><subfield code="a">The Bell Telephone Laboratories Series</subfield></datafield><datafield ind1=" " ind2=" " tag="852"><subfield code="a">10560</subfield><subfield code="c">538.221</subfield></datafield><datafield ind1=" " ind2=" " tag="CAT"><subfield code="a">Sys</subfield><subfield code="c">20110916</subfield><subfield code="h">135628</subfield></datafield></record></collection>